@misc{Kontogiannis, url={http://www.softlab.ntua.gr/~kkontog/ECE454/answers6-12-selected.PDF}, journal={Chapter 6 Selected Solutions}, author={Kontogiannis, Kostas}} 
