@misc{grc, url={http://www.softlab.ntua.gr/~kkontog/ECE454/answers6-12-selected.PDF}, journal={Chapter 6 Selected Solutions - softlab.ntua.gr}, author={Kontogiannis, Kostas}} 

