@misc{Borisov, url={https://courses.engr.illinois.edu/cs425/fa2011/hw/hw2-sol.pdf}, journal={Problem 1}, author={Borisov, Nikita}} 
